@article{monro1951,
    author = {Herbert Robbins and Sutton Monro},
    title = {{A Stochastic Approximation Method}},
    volume = {22},
    journal = {The Annals of Mathematical Statistics},
    number = {3},
    publisher = {Institute of Mathematical Statistics},
    pages = {400 -- 407},
    year = {1951},
    doi = {10.1214/aoms/1177729586},
    URL = {https://doi.org/10.1214/aoms/1177729586}
}


@article{поляк1980оптимальные,
  title={Оптимальные псевдоградиентные алгоритмы адаптации},
  author={Поляк, Борис Теодорович and Цыпкин, Яков Залманович},
  journal={Автоматика и телемеханика},
  number={8},
  pages={74--84},
  year={1980},
  publisher={Российская академия наук, Отделение энергетики, машиностроения, механики и~…}
}


@article{nevelʹson1972стохастическая,
  title={Стохастическая аппроксимация и рекуррентное оценивание},
  author={Невельсон М., Хасьминский Р.},
  journal={(No Title)},
  year={1972}
}

@incollection{spence1978job,
  title={Job market signaling},
  author={Spence, Michael},
  booktitle={Uncertainty in economics},
  pages={281--306},
  year={1978},
  publisher={Elsevier}
}


@article{поляк1990новый,
  title={Новый метод типа стохастической аппроксимации},
  author={Поляк, Борис Теодорович},
  journal={Автоматика и телемеханика},
  number={7},
  pages={98--107},
  year={1990},
  publisher={Российская академия наук, Отделение энергетики, машиностроения, механики и~…}
}



@article{polyak1992acceleration,
  title={Acceleration of stochastic approximation by averaging},
  author={Polyak, Boris T and Juditsky, Anatoli B},
  journal={SIAM journal on control and optimization},
  volume={30},
  number={4},
  pages={838--855},
  year={1992},
  publisher={SIAM}
}

@techreport{ruppert1988efficient,
  title={Efficient estimations from a slowly convergent Robbins-Monro process},
  author={Ruppert, David},
  year={1988},
  institution={Cornell University Operations Research and Industrial Engineering}
}



