


@article{dowhypaper,
  title={DoWhy: An End-to-End Library for Causal Inference},
  author={Sharma, Amit and Kiciman, Emre},
  journal={arXiv preprint arXiv:2011.04216},
  year={2020}
}

@article{ortiz2021visual,
  title={A visual introduction to gaussian belief propagation},
  author={Ortiz, Joseph and Evans, Talfan and Davison, Andrew J},
  journal={arXiv preprint arXiv:2107.02308},
  year={2021}
}

@inproceedings{lafferty2001conditional,
  title={Conditional random fields: Probabilistic models for segmenting and labeling sequence data},
  author={Lafferty, John and McCallum, Andrew and Pereira, Fernando and others},
  booktitle={Icml},
  volume={1},
  number={2},
  pages={3},
  year={2001},
  organization={Williamstown, MA}
}

@article{groves1973incentives,
  title={Incentives in teams},
  author={Groves, Theodore},
  journal={Econometrica: Journal of the Econometric Society},
  pages={617--631},
  year={1973},
  publisher={JSTOR}
}

@incollection{spence1978job,
  title={Job market signaling},
  author={Spence, Michael},
  booktitle={Uncertainty in economics},
  pages={281--306},
  year={1978},
  publisher={Elsevier}
}


@article{holmstrom1982moral,
  title={Moral hazard in teams},
  author={Holmstrom, Bengt},
  journal={The Bell journal of economics},
  pages={324--340},
  year={1982},
  publisher={JSTOR}
}

@article{newcomb1953approach,
  title={An approach to the study of communicative acts.},
  author={Newcomb, Theodore M},
  journal={Psychological review},
  volume={60},
  number={6},
  pages={393},
  year={1953},
  publisher={American Psychological Association}
}

@article{coleman1974youth,
  title={Youth: Transition to adulthood},
  author={Coleman, James S},
  journal={NASSP Bulletin},
  volume={58},
  number={385},
  pages={4--11},
  year={1974},
  publisher={Sage Publications Sage CA: Thousand Oaks, CA}
}


@article{mckinney1993use,
  title={The use of collaborative learning groups in the large class: Is it possible?},
  author={McKinney, Kathleen and Graham-Buxton, Mary},
  journal={Teaching Sociology},
  volume={21},
  number={4},
  pages={403--408},
  year={1993},
  publisher={JSTOR}
}

@article{rau1990humanizing,
  title={Humanizing the college classroom: Collaborative learning and social organization among students},
  author={Rau, William and Heyl, Barbara Sherman},
  journal={Teaching Sociology},
  pages={141--155},
  year={1990},
  publisher={JSTOR}
}


@article{strijbos2010assessment,
  title={Assessment of (computer-supported) collaborative learning},
  author={Strijbos, Jan-Willem},
  journal={IEEE transactions on learning technologies},
  volume={4},
  number={1},
  pages={59--73},
  year={2010},
  publisher={IEEE}
}

@article{lu2010scaffolding,
  title={Scaffolding problem-based learning with CSCL tools},
  author={Lu, Jingyan and Lajoie, Susanne P and Wiseman, Jeffrey},
  journal={International Journal of Computer-Supported Collaborative Learning},
  volume={5},
  pages={283--298},
  year={2010},
  publisher={Springer}
}

@article{stahl2009practice,
  title={Practice perspectives in CSCL},
  author={Stahl, Gerry and Hesse, Friedrich},
  journal={International Journal of Computer-Supported Collaborative Learning},
  volume={4},
  pages={109--114},
  year={2009},
  publisher={Springer}
}

@book{lord2012applications,
  title={Applications of item response theory to practical testing problems},
  author={Lord, Frederic M},
  year={2012},
  publisher={Routledge}
}

@article{kingston1985exploratory,
  title={AN EXPLORATORY STUDY OF THE APPLICABILITY OF ITEM RESPONSE THEORY METHODS TO THE GRADUATE MANAGEMENT ADMISSION TEST 1},
  author={Kingston, Neal and Leary, Linda and Wightman, Larry},
  journal={ETS Research Report Series},
  volume={1985},
  number={2},
  pages={i--56},
  year={1985},
  publisher={Wiley Online Library}
}

@article{traub1997classical,
  title={Classical test theory in historical perspective},
  author={Traub, Ross E},
  journal={Educational Measurement},
  volume={16},
  pages={8--13},
  year={1997},
  publisher={NATIONAL COUNCIL ON MEASUREMENT IN EDUCATION}
}

@article{van1994likert,
  title={Likert or Rasch? Nothing is more applicable than good theory},
  author={Van Alphen, Arnold and Halfens, Ruud and Hasman, Arie and Imbos, Tjaart},
  journal={Journal of advanced nursing},
  volume={20},
  number={1},
  pages={196--201},
  year={1994},
  publisher={Wiley Online Library}
}

@article{fall2000group,
  title={Group discussion and large-scale language arts assessment: Effects on students' comprehension},
  author={Fall, Randy and Webb, Noreen M and Chudowsky, Naomi},
  journal={American educational research journal},
  volume={37},
  number={4},
  pages={911--941},
  year={2000},
  publisher={Sage Publications}
}

@article{flowers2015friendship,
  title={Friendship and reciprocity as motivators in CSCL.},
  author={Flowers, Simeon},
  journal={Jalt Call Journal},
  volume={11},
  number={3},
  pages={191--212},
  year={2015},
  publisher={ERIC}
}

@article{mazen2000transforming,
  title={Transforming the class into a learning organization},
  author={Mazen, Abdelmagid M and Jones, M Colleen and Sergenian, Gail K},
  journal={Management Learning},
  volume={31},
  number={2},
  pages={147--161},
  year={2000},
  publisher={Sage Publications Sage CA: Thousand Oaks, CA}
}

@book{dillenbourg1999collaborative,
  title={Collaborative learning: Cognitive and computational approaches. advances in learning and instruction series.},
  author={Dillenbourg, Pierre},
  year={1999},
  publisher={ERIC}
}

@inproceedings{engelbart1984collaboration,
  title={Collaboration support provisions in AUGMENT},
  author={Engelbart, Douglas},
  booktitle={Proceedings of the 1984 AFIPS Office Automation Conference, http://dougengelbart. org/pubs/seminars/sembinder1992nov/P. pdf},
  year={1984}
}

@inproceedings{engelbart1992toward,
  title={Toward high-performance organizations: A strategic role for groupware},
  author={Engelbart, Douglas C},
  booktitle={Proceedings of the GroupWare},
  volume={92},
  pages={3--5},
  year={1992},
  organization={Citeseer}
}

@article{arrow1962economic,
  title={The economic implications of learning by doing},
  author={Arrow, Kenneth J},
  journal={The review of economic studies},
  volume={29},
  number={3},
  pages={155--173},
  year={1962},
  publisher={Wiley-Blackwell}
}

@article{romer1986increasing,
  title={Increasing returns and long-run growth},
  author={Romer, Paul M},
  journal={Journal of political economy},
  volume={94},
  number={5},
  pages={1002--1037},
  year={1986},
  publisher={The University of Chicago Press}
}


@book{vigotski2014,
  title={Мышление и речь},
  author={Выготский, Лев Семенович},
  year={2014},
  publisher={Directmedia}
}

@article{carmona2020applications,
  title={Applications of mean field games in financial engineering and economic theory},
  author={Carmona, Rene},
  journal={arXiv preprint arXiv:2012.05237},
  year={2020}
}

@book{roth1988shapley,
  title={The Shapley value: essays in honor of Lloyd S. Shapley},
  author={Roth, Alvin E},
  year={1988},
  publisher={Cambridge University Press}
}

@article{mathai1992quadratic,
  title={Quadratic forms in random variables: theory and applications},
  author={Mathai, Arakaparampil M and Provost, Serge B},
  journal={(No Title)},
  year={1992}
}

@article{slavin1980cooperative,
  title={Cooperative learning},
  author={Slavin, Robert E},
  journal={Review of educational research},
  volume={50},
  number={2},
  pages={315--342},
  year={1980},
  publisher={Sage Publications Sage CA: Thousand Oaks, CA}
}

@article{steinhaus1948problem,
  title={The problem of fair division},
  author={Steinhaus, Hugo},
  journal={Econometrica},
  volume={16},
  pages={101--104},
  year={1948}
}

@article{romer1987growth,
  title={Growth based on increasing returns due to specialization},
  author={Romer, Paul M},
  journal={The American Economic Review},
  volume={77},
  number={2},
  pages={56--62},
  year={1987},
  publisher={JSTOR}
}

@article{alechina2020causality,
  title={Causality, responsibility and blame in team plans},
  author={Alechina, Natasha and Halpern, Joseph Y and Logan, Brian},
  journal={arXiv preprint arXiv:2005.10297},
  year={2020}
}

@article{naumov2018knowledge,
  title={Knowledge and blameworthiness},
  author={Naumov, Pavel and Tao, Jia},
  journal={arXiv preprint arXiv:1811.02446},
  year={2018}
}

@article{baier2021game,
  title={A game-theoretic account of responsibility allocation},
  author={Baier, Christel and Funke, Florian and Majumdar, Rupak},
  journal={arXiv preprint arXiv:2105.09129},
  year={2021}
}


@book{halpern2016actual,
  title={Actual causality},
  author={Halpern, Joseph Y},
  year={2016},
  publisher={MiT Press}
}

@article{halpern2005causes,
  title={Causes and explanations: A structural-model approach. Part I: Causes},
  author={Halpern, Joseph Y and Pearl, Judea},
  journal={The British journal for the philosophy of science},
  year={2005},
  publisher={The University of Chicago Press}
}

@article{halpern2005explanations,
  title={Causes and explanations: A structural-model approach. Part II: Explanations},
  author={Halpern, Joseph Y and Pearl, Judea},
  journal={The British journal for the philosophy of science},
  year={2005},
  publisher={The University of Chicago Press}
}



@article{knoke1982individual,
  title={Individual motives and organizational incentive systems},
  author={Knoke, David and WRIGHT, ISAK IC},
  year={1982},
  publisher={RESEARCH IN THE SOCIOLOGY OF ORGANIZATIONS}
}

@article{wegner1978concentration,
  title={The concentration of responsibility: An objective self-awareness analysis of group size effects in helping situations.},
  author={Wegner, Daniel M and Schaefer, Donna},
  journal={Journal of Personality and Social Psychology},
  volume={36},
  number={2},
  pages={147},
  year={1978},
  publisher={American Psychological Association}
}


@article{wallach1964diffusion,
  title={Diffusion of responsibility and level of risk taking in groups.},
  author={Wallach, Michael A and Kogan, Nathan and Bem, Daryl J},
  journal={The Journal of Abnormal and Social Psychology},
  volume={68},
  number={3},
  pages={263},
  year={1964},
  publisher={American Psychological Association}
}

@article{toscani2016kinetic,
  title={Kinetic and mean field description of Gibrat’s law},
  author={Toscani, Giuseppe},
  journal={Physica A: Statistical Mechanics and its Applications},
  volume={461},
  pages={802--811},
  year={2016},
  publisher={Elsevier}
}

@article{ringelmann1913recherches,
  title={Recherches sur les moteurs anim{\'e}s: Travail de l’homme},
  author={Ringelmann, Max},
  journal={Annales de l’Insitut National Agronomique},
  volume={12},
  number={1},
  pages={1--40},
  year={1913}
}


@article{bond1983social,
  title={Social facilitation: a meta-analysis of 241 studies.},
  author={Bond, Charles F and Titus, Linda J},
  journal={Psychological bulletin},
  volume={94},
  number={2},
  pages={265},
  year={1983},
  publisher={American Psychological Association}
}

@article{triplett1898dynamogenic,
  title={The dynamogenic factors in pacemaking and competition},
  author={Triplett, Norman},
  journal={The American journal of psychology},
  volume={9},
  number={4},
  pages={507--533},
  year={1898},
  publisher={JSTOR}
}

@article{karau1993social,
  title={Social loafing: A meta-analytic review and theoretical integration.},
  author={Karau, Steven J and Williams, Kipling D},
  journal={Journal of personality and social psychology},
  volume={65},
  number={4},
  pages={681},
  year={1993},
  publisher={American Psychological Association}
}

@article{mcfadden1963constant,
  title={Constant elasticity of substitution production functions},
  author={McFadden, Daniel},
  journal={The Review of Economic Studies},
  volume={30},
  number={2},
  pages={73--83},
  year={1963},
  publisher={Wiley-Blackwell}
}

@article{parisi1979infinite,
  title={Infinite number of order parameters for spin-glasses},
  author={Parisi, Giorgio},
  journal={Physical Review Letters},
  volume={43},
  number={23},
  pages={1754},
  year={1979},
  publisher={APS}
}

@book{france2001inegalites,
  title={In{\'e}galit{\'e}s {\'e}conomiques},
  author={France. Conseil d'analyse {\'e}conomique and Atkinson, Anthony Barnes and Bontout, Olivier},
  year={2001},
  publisher={La Documentation fran{\c{c}}aise}
}